% use `texdoc biblatex` to get help
@article{attene2010lightweight,
  title={A lightweight approach to repairing digitized polygon meshes},
  author={Attene, Marco},
  journal={The visual computer},
  volume={26},
  pages={1393--1406},
  year={2010},
  publisher={Springer}
}
@article{yinset,
  title={The topological classification of 3D Yin sets},
  author={Liang, H and Zhang, Qinghai},
  year={2023},
  journal={Preprint}
}
@article{ju2004robust,
  title={Robust repair of polygonal models},
  author={Ju, Tao},
  journal={ACM Transactions on Graphics (TOG)},
  volume={23},
  number={3},
  pages={888--895},
  year={2004},
  publisher={ACM New York, NY, USA}
}
@book{stroud2006boundary,
  title={Boundary representation modelling techniques},
  author={Stroud, Ian},
  year={2006},
  publisher={Springer Science \& Business Media}
}
@book{kobbelt2000geometric,
  title={Geometric modeling based on polygonal meshes},
  author={Kobbelt, Leif P and Bischoff, Stephan and Botsch, Mario and K{\"a}hler, Kolja and R{\"o}ssl, Christian and Schneider, Robert and Vorsatz, Jens},
  volume={1},
  year={2000},
  publisher={Max-Planck-Institut f{\"u}r Informatik Saarbr{\"u}cken, Germany}
}
@book{foley1996computer,
  title={Computer graphics: principles and practice},
  author={Foley, James D and Van, Foley Dan and Van Dam, Andries and Feiner, Steven K and Hughes, John F},
  volume={12110},
  year={1996},
  publisher={Addison-Wesley Professional}
}
@article{shapiro2002solid,
  title={Solid Modeling.},
  author={Shapiro, Vadim},
  journal={Handbook of computer aided geometric design},
  volume={20},
  pages={473--518},
  year={2002},
  publisher={Citeseer}
}
@inproceedings{albertoni2006towards,
  title={Towards a conceptualization for shape acquisition and processing},
  author={Albertoni, A and Papaleo, Laura and Robbiano, Francesco and Spagnuolo, Michela},
  booktitle={Proceedings of the 1st Workshop on Shape and Semantic, Matsushima, Japan},
  pages={85--90},
  year={2006},
  organization={Citeseer}
}
@inproceedings{attene2006remesh,
  title={Remesh: An interactive environment to edit and repair triangle meshes},
  author={Attene, Marco and Falcidieno, Bianca},
  booktitle={IEEE International Conference on Shape Modeling and Applications 2006 (SMI'06)},
  pages={41--41},
  year={2006},
  organization={IEEE}
}
@inproceedings{de2003representation,
  title={Representation of non-manifold objects},
  author={De Floriani, Leila and Morando, Franco and Puppo, Enrico},
  booktitle={Proceedings of the eighth ACM symposium on Solid modeling and applications},
  pages={304--309},
  year={2003}
}
@book{kobbelt2000geometric,
  title={Geometric modeling based on polygonal meshes},
  author={Kobbelt, Leif P and Bischoff, Stephan and Botsch, Mario and K{\"a}hler, Kolja and R{\"o}ssl, Christian and Schneider, Robert and Vorsatz, Jens},
  volume={1},
  year={2000},
  publisher={Max-Planck-Institut f{\"u}r Informatik Saarbr{\"u}cken, Germany}
}
@article{gueziec2001cutting,
  title={Cutting and stitching: Converting sets of polygons to manifold surfaces},
  author={Gu{\'e}ziec, Andr{\'e} and Taubin, Gabriel and Lazarus, Francis and Hom, B},
  journal={IEEE Transactions on Visualization and Computer Graphics},
  volume={7},
  number={2},
  pages={136--151},
  year={2001},
  publisher={IEEE}
}
@inproceedings{rossignac1999matchmaker,
  title={Matchmaker: Manifold Breps for non-manifold r-sets},
  author={Rossignac, Jarek and Cardoze, David},
  booktitle={Proceedings of the fifth ACM symposium on Solid modeling and applications},
  pages={31--41},
  year={1999}
}
@inproceedings{borodin2002progressive,
  title={Progressive gap closing for meshrepairing},
  author={Borodin, Pavel and Novotni, Marcin and Klein, Reinhard},
  booktitle={Advances in Modelling, Animation and Rendering},
  pages={201--213},
  year={2002},
  organization={Springer}
}
@article{guskov2001topological,
  title={Topological noise removal},
  author={Guskov, Igor and Wood, Zo{\"e} J},
  journal={2001 Graphics Interface Proceedings: Ottawa, Canada},
  pages={19},
  year={2001}
}
@article{barequet1995filling,
  title={Filling gaps in the boundary of a polyhedron},
  author={Barequet, Gill and Sharir, Micha},
  journal={Computer Aided Geometric Design},
  volume={12},
  number={2},
  pages={207--229},
  year={1995},
  publisher={Elsevier}
}
@inproceedings{liepa2003filling,
  title={Filling holes in meshes},
  author={Liepa, Peter},
  booktitle={Proceedings of the 2003 Eurographics/ACM SIGGRAPH symposium on Geometry processing},
  pages={200--205},
  year={2003}
}
@inproceedings{branch2006automatic,
  title={Automatic hole-filling of triangular meshes using local radial basis function},
  author={Branch, John and Prieto, Flavio and Boulanger, Pierre},
  booktitle={Third International Symposium on 3D Data Processing, Visualization, and Transmission (3DPVT'06)},
  pages={727--734},
  year={2006},
  organization={IEEE}
}
@techreport{rossignac1999solid,
  title={Solid modeling},
  author={Rossignac, Jaroslaw R and Requicha, Aristides AG},
  year={1999},
  institution={Georgia Institute of Technology}
}
@inproceedings{wang2017shape,
  title={Shape inpainting using 3d generative adversarial network and recurrent convolutional networks},
  author={Wang, Weiyue and Huang, Qiangui and You, Suya and Yang, Chao and Neumann, Ulrich},
  booktitle={Proceedings of the IEEE international conference on computer vision},
  pages={2298--2306},
  year={2017}
}
@book{heritage2009principles,
  title={Laser scanning for the environmental sciences},
  author={Heritage, George and Large, Andy},
  year={2009},
  publisher={John Wiley \& Sons}
}
@book{xu2013nla,
  title={数值线性代数（第二版）},
  author={徐树方 and 高立 and 张平文},
  year={2013},
  publisher={北京大学出版社},
  address={北京}
}